@article{abbey,
  title={An Examination of The Reed-Frost Theory of Epidemics},
  author={Helen Abbey},
  journal={Human Biology},
  volume={24},
  number={3},
  pages={201--233},
  year={1952},
  publisher={Waye State University Press}
}

@article{dietz,
  title={Epidemics: the Fitting of the First Dynamic Models to Data},
  author={Klaus Dietz},
  journal={Journal of Contemporary Mathematical Analysis},
  volume={44},
  number={2},
  pages={97--104},
  year={2009},
  publisher={Allerton Press, Inc.}
}

@article{allen,
    title = {A primer on stochastic epidemic models: Formulation, numerical simulation, and analysis},
    author={Linda J.S. Allen},
    journal = {Infectious Disease Modelling},
    volume = {2},
    number = {2},
    pages = {128-142},
    year = {2017},
    issn = {2468-0427},
    doi = "url{https://doi.org/10.1016/j.idm.2017.03.001}"
}

@Inbook{halloran,
    author="Halloran, M. Elizabeth and Longini, Ira M. and Struchiner, Claudio J.",
    title="Binomial and Stochastic Transmission Models",
    bookTitle="Design and Analysis of Vaccine Studies",
    year="2010",
    publisher="Springer New York",
    address="New York, NY",
    pages="63--84",
    isbn="978-0-387-68636-3",
    doi="10.1007/978-0-387-68636-3_4",
}

@techreport{mark,
  title={The Reed-Frost Model and its Applications to Real Life},
  author={Mark: 72},
  institution = {University of Warwick, Warwick Maths Society},
  year={2020},
  url = "\url{http://www.warwickmaths.com/wp-content/uploads/2020/07/72_-The-Reed-Frost-Model-and-its-Applications-to-Real-Life.pdf}"
}

@misc{borchering,
    title={Stochastic Simulation Models: Part 1 (Borchering, DAIDD 2020)},
    author={Rebecca Borchering},
    howpublished= "\url{https://www.youtube.com/watch?v=MuXYbph_f0Y}",
    year={2020},
    institution={International Clinics on Infectious Disease Dynamics and Data}
}

@misc{reed,
    title={Epidemic Theory - What Is It? (Science Review Series)},
    author={Lowell Reed},
    howpublished= "\url{https://www.youtube.com/watch?v=OR5uzbPajzM}",
    year={1951},
    institution={The Johns Hopkins University}
}
